@ARTICLE{Frisch1997,
  author = {Frisch, Stefan},
  title = {The change in negation in Middle English: a NEGP licensing account},
  journaltitle = {Lingua},
  year = {1997},
  volume = {101},
  pages = {21--64},
  doi = {10.1016/S0024-3841(96)00018-6},
  publisher = {Elsevier}
}

@ARTICLE{Kroch1989,
  author = {Kroch, Anthony},
  title = {Reflexes of grammar in patterns of language change},
  journaltitle = {Language Variation and Change},
  year = {1989},
  volume = {1},
  number = {3},
  pages = {199--244},
  doi = {10.1017/S0954394500000168},
  publisher = {Cambridge Univ Press}
}

@Article{wallage08,
  author =       {Wallage, Phillip},
  title =        {Jespersen's Cycle in Middle English: Parametric variation and grammatical competition},
  journal =      {Lingua},
  year =         2008,
  volume =    118,
  pages =     {643--674},
  doi =          {10.1016/j.lingua.2007.09.001}
}

@MISC{Kroch2001,
  author = {Kroch, Anthony and Taylor, Ann},
  title = {The Penn-Helsinki parsed corpus of {M}iddle {E}nglish},
  year = {2001},
  howpublished = {CorpusSearch; National Science Foundation (US); University of Pennsylvania
	Research Foundation},
  note = {\url{http://www.ling.upenn.edu/hist-corpora/PPCME2-RELEASE-3/index.html}}
}

@incollection{Sankoff:1978,
	Author = {Sankoff, D. and Laberge, S.},
	Booktitle = {Linguistic variation: models and methods},
	Chapter = {8},
	Editor = {Sankoff, David},
	Pages = {119--126},
	Publisher = {Academic Press},
	Title = {Statistical dependence among successive occurrences of a variable in discourse},
	Year = {1978}}


@article{Bock:1986,
	Author = {Bock, Kathryn},
	Journal = {Cognitive Psychology},
	Keywords = {experimental, persistence, syntax},
	Pages = {355--387},
	Title = {Syntactic persistence in language production},
	Volume = {18},
	Year = {1986}}

@article{Poplack:1980,
	Author = {Poplack, Shana},
	Journal = {Language},
	Number = {2},
	Pages = {371--385},
	Publisher = {Linguistic Society of America},
	Title = {Deletion and disambiguation in {Puerto Rican Spanish}},
	Volume = {56},
	Year = {1980}}

@article{Weiner:1983,
	Author = {Weiner, E. Judith and Labov, William},
	Journal = {Journal of Linguistics},
	Number = {1},
	Pages = {29--58},
	Title = {Constraints on the agentless passive},
	Volume = {19},
	Year = {1983}}

@article{Gries:2005,
	Author = {Gries, Stefan Th.},
	Journal = {Journal of Psycholinguistic Research},
	Number = {4},
	Pages = {365--399},
	Title = {Syntactic priming: a corpus-based approach},
	Volume = {34},
	Year = {2005}}

@article{Branigan:1995,
	Author = {Branigan, Holly P. and Pickering, Martin J. and Liversedge, Simon P. and Stewart, Andrew J. and Urbach, Thomas P.},
	Journal = {Journal of Psycholinguistic Research},
	Number = {6},
	Pages = {489--506},
	Title = {Syntactic priming: Investigating the mental representation of language},
	Volume = {24},
	Year = {1995}}

@article{Estival:1985,
	Author = {Estival, Dominique},
	Journal = {Text},
	Number = {1/2},
	Pages = {7--21},
	Title = {Syntactic priming of the passive in {English}},
	Volume = {5},
	Year = {1985}}

@article{Ferreira:2003,
	Author = {Ferreira, Victor S.},
	Journal = {Journal of Memory and Language},
	Pages = {379--398},
	Title = {The persistence of optional complementizer production: Why saying “that”  is not saying “that” at all},
	Volume = {48},
	Year = {2003}}

@article{Embick:2004,
	Author = {Embick, David},
	Journal = {Linguistic Inquiry},
	Number = {3},
	Pages = {355--392},
	Title = {On the structure of resultative participles in {English}},
	Volume = {35},
	Year = {2004}
}


@article{Bock:1990,
	Author = {Bock, Kathryn and Loebell, Helga},
	Journal = {Cognition},
	Pages = {1--39},
	Title = {Framing sentences},
	Volume = {35},
	Year = {1990}}
